@Book{xie2015,
  title = {Dynamic Documents with {R} and knitr},
  author = {Yihui Xie},
  publisher = {Chapman and Hall/CRC},
  address = {Boca Raton, Florida},
  year = {2015},
  edition = {2nd},
  note = {ISBN 978-1498716963},
  url = {http://yihui.org/knitr/},
}

@article{luckett2020estimates,
  title={Estimates of relative acceptability from paired preference tests},
  author={Luckett, Curtis R and Burns, Sara L and Jenkinson, Lindsay},
  journal={Journal of Sensory Studies},
  volume={35},
  number={5},
  pages={e12593},
  year={2020},
  publisher={Wiley Online Library}
}
